@book{Se2,
	author = "Serre, Jean-Pierre",
	note = "Deuxi{\`e}me {\'e}dition",
	pages = "245",
	publisher = "Hermann, Paris",
	title = "{Corps locaux}",
	year = "1968"
}

@incollection{SerCF,
	author = "Serre, Jean-Pierre",
	booktitle = "{Algebraic {N}umber {T}heory ({P}roc. {I}nstructional {C}onf., {B}righton, 1965)}",
	pages = "128--161",
	publisher = "Thompson, Washington, D.C.",
	title = "{Local class field theory}",
	year = "1967"
}